%YAML 1.1
%TAG !u! tag:unity3d.com,2011:
--- !u!1 &3240038329447049836
GameObject:
  m_ObjectHideFlags: 0
  m_CorrespondingSourceObject: {fileID: 0}
  m_PrefabInstance: {fileID: 0}
  m_PrefabAsset: {fileID: 0}
  serializedVersion: 6
  m_Component:
  - component: {fileID: 1110432925950318323}
  - component: {fileID: 8766947593040192817}
  m_Layer: 0
  m_Name: Video Player
  m_TagString: Untagged
  m_Icon: {fileID: 0}
  m_NavMeshLayer: 0
  m_StaticEditorFlags: 0
  m_IsActive: 1
--- !u!4 &1110432925950318323
Transform:
  m_ObjectHideFlags: 0
  m_CorrespondingSourceObject: {fileID: 0}
  m_PrefabInstance: {fileID: 0}
  m_PrefabAsset: {fileID: 0}
  m_GameObject: {fileID: 3240038329447049836}
  m_LocalRotation: {x: 0.5038208, y: -0.4961499, z: 0.49614984, w: 0.5038207}
  m_LocalPosition: {x: -0.013925029, y: -0.0059480793, z: 0.01045825}
  m_LocalScale: {x: 0.0017196356, y: 0.003263988, z: 0.0027091878}
  m_Children: []
  m_Father: {fileID: 468584013874242075}
  m_RootOrder: 0
  m_LocalEulerAnglesHint: {x: 0, y: 0, z: 0}
--- !u!328 &8766947593040192817
VideoPlayer:
  m_ObjectHideFlags: 0
  m_CorrespondingSourceObject: {fileID: 0}
  m_PrefabInstance: {fileID: 0}
  m_PrefabAsset: {fileID: 0}
  m_GameObject: {fileID: 3240038329447049836}
  m_Enabled: 1
  m_VideoClip: {fileID: 32900000, guid: 44ccb4a38287d7246bf074c9c5c44f1c, type: 3}
  m_TargetCameraAlpha: 1
  m_TargetCamera3DLayout: 0
  m_TargetCamera: {fileID: 0}
  m_TargetTexture: {fileID: 8400000, guid: 46f58fb37a99ce54ca7d42c655361fb3, type: 2}
  m_TimeReference: 0
  m_TargetMaterialRenderer: {fileID: 755446774493579354}
  m_TargetMaterialProperty: _MainTex
  m_RenderMode: 2
  m_AspectRatio: 2
  m_DataSource: 0
  m_PlaybackSpeed: 1
  m_AudioOutputMode: 2
  m_TargetAudioSources: []
  m_DirectAudioVolumes: []
  m_Url: 
  m_EnabledAudioTracks: 
  m_DirectAudioMutes: 
  m_ControlledAudioTrackCount: 0
  m_PlayOnAwake: 1
  m_SkipOnDrop: 1
  m_Looping: 0
  m_WaitForFirstFrame: 1
  m_FrameReadyEventEnabled: 0
  m_VideoShaders: []
--- !u!1 &4537309343823228145
GameObject:
  m_ObjectHideFlags: 0
  m_CorrespondingSourceObject: {fileID: 0}
  m_PrefabInstance: {fileID: 0}
  m_PrefabAsset: {fileID: 0}
  serializedVersion: 6
  m_Component:
  - component: {fileID: 468584013874242075}
  - component: {fileID: 9186761861171500165}
  - component: {fileID: 755446774493579354}
  - component: {fileID: 4537309343823228146}
  m_Layer: 0
  m_Name: Cube
  m_TagString: Untagged
  m_Icon: {fileID: 0}
  m_NavMeshLayer: 0
  m_StaticEditorFlags: 0
  m_IsActive: 1
--- !u!4 &468584013874242075
Transform:
  m_ObjectHideFlags: 0
  m_CorrespondingSourceObject: {fileID: 0}
  m_PrefabInstance: {fileID: 0}
  m_PrefabAsset: {fileID: 0}
  m_GameObject: {fileID: 4537309343823228145}
  m_LocalRotation: {x: -0.5038208, y: 0.4961499, z: -0.49614984, w: 0.5038207}
  m_LocalPosition: {x: -5.02, y: 4.64, z: -0.0042762}
  m_LocalScale: {x: 306.3088, y: 369.11423, z: 581.58325}
  m_Children:
  - {fileID: 1110432925950318323}
  m_Father: {fileID: 0}
  m_RootOrder: 0
  m_LocalEulerAnglesHint: {x: -0.879, y: 90, z: -90}
--- !u!33 &9186761861171500165
MeshFilter:
  m_ObjectHideFlags: 0
  m_CorrespondingSourceObject: {fileID: 0}
  m_PrefabInstance: {fileID: 0}
  m_PrefabAsset: {fileID: 0}
  m_GameObject: {fileID: 4537309343823228145}
  m_Mesh: {fileID: -5495902117074765545, guid: c507d8cbe1cb3f248821e89a5a87b68e, type: 3}
--- !u!23 &755446774493579354
MeshRenderer:
  m_ObjectHideFlags: 0
  m_CorrespondingSourceObject: {fileID: 0}
  m_PrefabInstance: {fileID: 0}
  m_PrefabAsset: {fileID: 0}
  m_GameObject: {fileID: 4537309343823228145}
  m_Enabled: 1
  m_CastShadows: 1
  m_ReceiveShadows: 1
  m_DynamicOccludee: 1
  m_MotionVectors: 1
  m_LightProbeUsage: 1
  m_ReflectionProbeUsage: 1
  m_RayTracingMode: 2
  m_RayTraceProcedural: 0
  m_RenderingLayerMask: 1
  m_RendererPriority: 0
  m_Materials:
  - {fileID: 2100000, guid: a0cb443a97c41b5419d04366ade90f5a, type: 2}
  m_StaticBatchInfo:
    firstSubMesh: 0
    subMeshCount: 0
  m_StaticBatchRoot: {fileID: 0}
  m_ProbeAnchor: {fileID: 0}
  m_LightProbeVolumeOverride: {fileID: 0}
  m_ScaleInLightmap: 1
  m_ReceiveGI: 1
  m_PreserveUVs: 0
  m_IgnoreNormalsForChartDetection: 0
  m_ImportantGI: 0
  m_StitchLightmapSeams: 1
  m_SelectedEditorRenderState: 3
  m_MinimumChartSize: 4
  m_AutoUVMaxDistance: 0.5
  m_AutoUVMaxAngle: 89
  m_LightmapParameters: {fileID: 0}
  m_SortingLayerID: 0
  m_SortingLayer: 0
  m_SortingOrder: 0
  m_AdditionalVertexStreams: {fileID: 0}
--- !u!114 &4537309343823228146
MonoBehaviour:
  m_ObjectHideFlags: 0
  m_CorrespondingSourceObject: {fileID: 0}
  m_PrefabInstance: {fileID: 0}
  m_PrefabAsset: {fileID: 0}
  m_GameObject: {fileID: 4537309343823228145}
  m_Enabled: 1
  m_EditorHideFlags: 0
  m_Script: {fileID: 11500000, guid: 7b2f71b0d9fff784f941011ba2fa3d87, type: 3}
  m_Name: 
  m_EditorClassIdentifier: 
  vp: {fileID: 0}
  videoFrame: {fileID: 0}
  fileName: Models/coco_ssd_mobilenet_quant.tflite
  outputTextView: {fileID: 0}
  compute: {fileID: 0}
